@manual(colorman,
    title="Manual for the tcolorbox package",
    author="Thomas F. Sturm",
    year=2019,
    url="https://ftp.gwdg.de/pub/ctan/macros/latex/contrib/tcolorbox/tcolorbox.pdf",
    urldate="2019-11-27"
    )

@manual(biblatex,
    title="Das biblatex Paket",
    subtitle="Das Benutzerhandbuch",
    titleaddon="Programmierbares Bibliografieren und Zitieren",
    year=2017,
    author="Philipp Lehman and Philip Kime and Audrey Burovka and Joseph Wright",
    url="https://mirrors.ibiblio.org/CTAN/info/translations/biblatex/de/biblatex-de-Benutzerhandbuch.pdf",
    urldate="2019-11-27"
    )

@manual(mtheme,
    title="Modern Beamer Presentations with the METROPOLIS package",
    author="Matthias Vogelgesang",
    year=2017,
    url="https://ftp.gwdg.de/pub/ctan/macros/latex/contrib/beamer-contrib/themes/metropolis/doc/metropolistheme.pdf",
    urldate="2019-11-27"
    )
